<?xml version="1.0" encoding="UTF-8"?><collection xmlns="http://www.loc.gov/MARC21/slim"><record><leader>00560nam--2200193-i-4500</leader><controlfield tag="001">000020441</controlfield><controlfield tag="002">20161230</controlfield><controlfield tag="005">20170102224204</controlfield><controlfield tag="008">060222s1000------------r-----000-0-eng-d</controlfield><datafield ind1=" " ind2=" " tag="040"><subfield code="a">IFIN-HH</subfield></datafield><datafield ind1=" " ind2=" " tag="080"><subfield code="a">543.422.25</subfield></datafield><datafield ind1="1" ind2=" " tag="100"><subfield code="a">Emsley, J. W</subfield></datafield><datafield ind1="1" ind2="0" tag="245"><subfield code="a">High resolution nuclear magnetic resonance spectroscopy</subfield><subfield code="c">J.W. Emsley, J. Feeney, L.H. Surcliffe</subfield></datafield><datafield ind1=" " ind2=" " tag="260"><subfield code="a">Oxford</subfield><subfield code="b">Pergamon Press</subfield><subfield code="c">1966</subfield></datafield><datafield ind1=" " ind2=" " tag="300"><subfield code="a">in two volumes</subfield></datafield><datafield ind1="1" ind2=" " tag="700"><subfield code="a">Sutcliffe, L. H</subfield></datafield><datafield ind1="1" ind2=" " tag="787"><subfield code="a">XXI /665p./1154p. + 12</subfield></datafield><datafield ind1=" " ind2=" " tag="852"><subfield code="a">24279</subfield><subfield code="c">539.143.43</subfield></datafield><datafield ind1=" " ind2=" " tag="CAT"><subfield code="a">SYS</subfield><subfield code="c">20170102</subfield><subfield code="h">224204</subfield></datafield></record></collection>